%% This BibTeX bibliography file was created using BibDesk.
%% https://bibdesk.sourceforge.io/

%% Created for Adam Ryan at 2020-12-20 18:53:04 +0000 


%% Saved with string encoding Unicode (UTF-8) 



@article{10.1145/224057.224076,
	address = {New York, NY, USA},
	author = {Engler, D. R. and Kaashoek, M. F. and O'Toole, J.},
	date-added = {2020-12-20 18:44:35 +0000},
	date-modified = {2020-12-20 18:44:35 +0000},
	doi = {10.1145/224057.224076},
	issn = {0163-5980},
	issue_date = {Dec. 3, 1995},
	journal = {SIGOPS Oper. Syst. Rev.},
	month = dec,
	number = {5},
	numpages = {16},
	pages = {251--266},
	publisher = {Association for Computing Machinery},
	title = {Exokernel: An Operating System Architecture for Application-Level Resource Management},
	url = {https://doi.org/10.1145/224057.224076},
	volume = {29},
	year = {1995},
	Bdsk-Url-1 = {https://doi.org/10.1145/224057.224076}}

@inproceedings{10.1145/224056.224076,
	address = {New York, NY, USA},
	author = {Engler, D. R. and Kaashoek, M. F. and O'Toole, J.},
	booktitle = {Proceedings of the Fifteenth ACM Symposium on Operating Systems Principles},
	date-added = {2020-12-20 18:44:35 +0000},
	date-modified = {2020-12-20 18:44:35 +0000},
	doi = {10.1145/224056.224076},
	isbn = {0897917154},
	location = {Copper Mountain, Colorado, USA},
	numpages = {16},
	pages = {251--266},
	publisher = {Association for Computing Machinery},
	series = {SOSP '95},
	title = {Exokernel: An Operating System Architecture for Application-Level Resource Management},
	url = {https://doi.org/10.1145/224056.224076},
	year = {1995},
	Bdsk-Url-1 = {https://doi.org/10.1145/224056.224076}}
